@Misc{zbMATH02560699,
    Author = {O. {Bor\r u vka}},
    Title = {{\"Uber ein Minimalproblem.}},
    Year = {1926},
    Language = {Czech},
    HowPublished = {{Pr\'ace moravsk\'e p{\v r}irodov{\v e}deck\'e spole{\v c}nosti 3 (1926), 37-58 (1926).}},
    Zbl = {57.1343.06}
}

@article{An2000A,
  title={A fast implementation of the minimum spanning tree method for phase unwrapping},
  author={An, L. and Xiang, Q. S. and Chavez, S},
  journal={IEEE Transactions on Medical Imaging},
  volume={19},
  number={8},
  pages={805-8},
  year={2000},
}

@article{Xu19972D,
  title={2D image segmentation using minimum spanning trees},
  author={Xu, Ying and Uberbacher, Edward C.},
  journal={Image and Vision Computing},
  volume={15},
  number={1},
  pages={47-57},
  year={1997},
}

@article{Juszczak2009Minimum,
  title={Minimum spanning tree based one-class classifier},
  author={Juszczak, Piotr and Tax, David M. J. and Pe¸Kalska, Elżbieta and Duin, Robert P. W.},
  journal={Neurocomputing},
  volume={72},
  number={7–9},
  pages={1859-1869},
  year={2009},
}

@article{Zhong2010A,
  title={A graph-theoretical clustering method based on two rounds of minimum spanning trees},
  author={Zhong, Caiming and Miao, Duoqian and Wang, Ruizhi},
  journal={Pattern Recognition},
  volume={43},
  number={3},
  pages={752-766},
  year={2010},
}

@inproceedings{Zahn1971Graph,
  title={Graph-theoretical methods for detecting and describing gestalt clusters},
  author={Zahn, C. T},
  booktitle={IEEE Trans. on Computers},
  pages={68-86},
  year={1971},
}

@article{Xu2002Clustering,
  title={Clustering gene expression data using a graph-theoretic approach: an application of minimum spanning trees},
  author={Xu, Y. and Olman, V and Xu, D.},
  journal={Bioinformatics},
  volume={18},
  number={4},
  pages={536-545},
  year={2002},
}

@article{Chang2008Robust,
  title={Robust path-based spectral clustering},
  author={Chang, Hong and Yeung, Dit Yan},
  journal={Pattern Recognition},
  volume={41},
  number={1},
  pages={191-203},
  year={2008},
}

@article{Zhong2011Minimum,
  title={Minimum spanning tree based split-and-merge: A hierarchical clustering method},
  author={Zhong, Caiming and Miao, Duoqian and Nti, Pasi},
  journal={Information Sciences},
  volume={181},
  number={16},
  pages={3397-3410},
  year={2011},
}

@article{G2016Distance,
  title={Distance and density based clustering algorithm using Gaussian kernel},
  author={Güngör, Emre and Özmen, Ahmet},
  journal={Expert Systems with Applications},
  volume={69},
  pages={10-20},
  year={2016},
}

@article{Cormen2009Introduction,
  title={Introduction to algorithms},
  author={Cormen, Thomas T. and Leiserson, Charles E. and Rivest, Ronald L.},
  journal={Resonance},
  volume={1},
  number={9},
  pages={14-24},
  year={2009},
}

@INPROCEEDINGS{7080012, 
  author={G. Economou and V. Pothos and A. Ifantis}, 
  booktitle={2004 12th European Signal Processing Conference}, 
  title={Geodesic distance and MST based image segmentation}, 
  year={2004}, 
  volume={}, 
  number={}, 
  pages={941-944}, 
  keywords={differential geometry;image colour analysis;image segmentation;trees (mathematics);MST based color image segmentation applications;MST edges;density feature;distance calculation;feature coherence;geodesic distance;graph based segmentation algorithms;minimal spanning tree;spatial coherence;spatial locality restrictions;spatial proximity information integration;watershed image partition;Abstracts;Image segmentation}, 
  doi={}, 
  ISSN={}, 
  month={Sept}
}

@inproceedings{Arya2016A,
  title={A fast and simple algorithm for computing approximate euclidean minimum spanning trees},
  author={Arya, Sunil and Mount, David M.},
  booktitle={Twenty-Seventh Acm-Siam Symposium on Discrete Algorithms},
  pages={1220-1233},
  year={2016},
}

@article{Wang2013Enhancing,
  title={Enhancing minimum spanning tree-based clustering by removing density-based outliers},
  author={Wang, Xiaochun and Wang, Xia Li and Chen, Cong and Wilkes, D. Mitchell},
  journal={Digital Signal Processing},
  volume={23},
  number={5},
  pages={1523-1538},
  year={2013},
}

@inproceedings{Wang2012A,
  title={A minimum spanning tree-inspired clustering-based outlier detection technique},
  author={Wang, Xiaochun and Wang, Xia Li and Wilkes, D. Mitch},
  booktitle={Industrial Conference on Advances in Data Mining: Applications and Theoretical Aspects},
  pages={209-223},
  year={2012},
}

@article{Luo2010A,
  title={A Neighborhood Density Estimation Clustering Algorithm Based on Minimum Spanning Tree},
  author={Luo, Ting and Zhong, Caiming},
  year={2010},
}

@inproceedings{Jana2009An,
  title={An efficient minimum spanning tree based clustering algorithm},
  author={Jana, Prasanta K. and Naik, Azad},
  booktitle={Proceeding of International Conference on Methods and MODELS in Computer Science},
  pages={1-5},
  year={2009},
}

@book{Chong2015An,
  title={An Optimal Parallel Algorithm for Minimum Spanning Trees in Planar Graphs},
  author={Chong, Ka Wong and Zaroliagis, Christos},
  publisher={Springer International Publishing},
  year={2015},
}

@article{fast_mst_zhong,
	title = {A fast minimum spanning tree algorithm based on K-means},
	author = {Caiming Zhong  and Mikko Malinen and Duoqian Miao and Pasi Fränti},
	journal = {Information Sciences},
	year = {2014},
}

@article{Karypis2008CHAMELEON,
  title={CHAMELEON A hierarchical clustering algorithm using dynamic modeling},
  author={Karypis, George and Han, Eui Hong and Kumar, Vipin},
  journal={Computer},
  volume={32},
  number={8},
  pages={68-75},
  year={2008},
}

@book{Jothi2015Fast,
  title={Fast Minimum Spanning Tree Based Clustering Algorithms on Local Neighborhood Graph},
  author={Jothi, R. and Mohanty, Sraban Kumar and Ojha, Aparajita},
  publisher={Springer International Publishing},
  pages={292-301},
  year={2015},
}

@article{Jothi2017Fast,
  title={Fast approximate minimum spanning tree based clustering algorithm},
  author={Jothi, R. and Mohanty, Sraban Kumar and Ojha, Aparajita},
  journal={Neurocomputing},
  volume={272},
  year={2017},
}

@inproceedings{Pappula2017An,
  title={An Efficient clustering algorithm of minimum Spanning Tree},
  author={Pappula, Praveen},
  booktitle={International Conferences on Advances in Electrical, Electronics, Information, Communication and Bio-Informatics},
  year={2017},
}

@article{PENG20131020,
  title = "A survey of graph theoretical approaches to image segmentation",
  journal = "Pattern Recognition",
  volume = "46",
  number = "3",
  pages = "1020 - 1038",
  year = "2013",
  issn = "0031-3203",
  doi = "https://doi.org/10.1016/j.patcog.2012.09.015",
  url = "http://www.sciencedirect.com/science/article/pii/S0031320312004219",
  author = "Bo Peng and Lei Zhang and David Zhang",
  keywords = "Image segmentation, Graph theoretical methods, Minimal spanning tree, Graph cut"
}

@article{Rand1971Objective,
  title={Objective Criteria for the Evaluation of Clustering Methods},
  author={Rand, William M.},
  journal={Publications of the American Statistical Association},
  volume={66},
  number={336},
  pages={846-850},
  year={1971},
}

@article{Halkidi2001On,
  title={On Clustering Validation Techniques},
  author={Halkidi, Maria and Batistakis, Yannis and Vazirgiannis, Michalis},
  journal={Journal of Intelligent Information Systems},
  volume={17},
  number={2-3},
  pages={107-145},
  year={2001},
}

@article{Hubert1985Comparing,
  title={Comparing partitions},
  author={Hubert, Lawrence and Arabie, Phipps},
  journal={Journal of Classification},
  volume={2},
  number={1},
  pages={193-218},
  year={1985},
}

@inproceedings{Larsen1999Fast,
  title={Fast and effective text mining using linear-time document clustering},
  author={Larsen, Bjornar and Aone, Chinatsu},
  booktitle={ACM SIGKDD International Conference on Knowledge Discovery and Data Mining},
  pages={16-22},
  year={1999},
}

@article{Yu2017An,
  title={An Improved K-medoids Algorithm Based on Step Increasing and Optimizing Medoids},
  author={Yu, Donghua and Liu, Guojun and Guo, Maozu and Liu, Xiaoyan},
  journal={Expert Systems with Applications},
  volume={92},
  year={2018},
}
